

@ARTICLE{Robinson:2006:REJ,
  author = {W. N. Robinson},
  title = {A requirements monitoring framework for enterprise systems},
  journal = {Requir. Eng.},
  year = {2006},
  volume = {11},
  pages = {17-41},
  number = {1},
  bibsource = {DBLP, http://dblp.uni-trier.de},
  ee = {http://dx.doi.org/10.1007/s00766-005-0016-3}
}

@INPROCEEDINGS{Feather+:1998:IWSSD,
  author = {Feather, M. S. and Fickas, S. and Van Lamsweerde, A. and Ponsard,
	C.},
  title = {Reconciling System Requirements and Runtime Behavior},
  booktitle = {IWSSD},
  year = {1998},
  pages = {50},
  address = {Washington, DC, USA},
  publisher = {IEEE Computer Society},
  isbn = {0-8186-8439-9}
}

@INPROCEEDINGS{Fickas+:1995:RE,
  author = {S. Fickas and M. S. Feather},
  title = {Requirements monitoring in dynamic environments},
  booktitle = {{IEEE Int. Req. Eng. Conf.}},
  year = {1995},
  pages = {140-147},
  bibsource = {DBLP, http://dblp.uni-trier.de},
  crossref = {DBLP:conf/re/1995},
  ee = {http://computer.org/proceedings/re/7017/70170140abs.htm}
}

@ARTICLE{Souza+:2012:CSRD,
  author = {Souza, V. E. S. and Lapouchnian, A. and Angelopoulos, K. and Mylopoulos,
	J.},
  title = {Requirements-driven software evolution},
  journal = {Computer Science - Research and Development},
  year = {2012},
  pages = {1-19},
  doi = {10.1007/s00450-012-0232-2},
  issn = {1865-2034},
  keywords = {Requirements engineering; Modeling; Evolution; Requirements; Adaptive
	systems},
  language = {English},
  publisher = {Springer-Verlag},
  url = {http://dx.doi.org/10.1007/s00450-012-0232-2}
}

@incollection{souza-et-al:sesas13,
        title = {{Awareness Requirements}},
        author = {Souza, V. E. S. and Lapouchnian, A. and Robinson, W. N. and Mylopoulos, J.},
        booktitle = {Software Engineering for Self-Adaptive Systems II},
        editor = {Lemos, Rog\'{e}rio and Giese, Holger and M\"{u}ller, Hausi A. and Shaw, Mary},
        pages = {133--161},
        publisher = {Springer},
        series = {Lecture Notes in Computer Science},
        volume = {7475},
        year = {2013}
}

@inproceedings{baresi2010fuzzy,
  title={Fuzzy goals for requirements-driven adaptation},
  author={Baresi, Luciano and Pasquale, Liliana and Spoletini, Paola},
  booktitle={Requirements Engineering Conference (RE), 2010 18th IEEE International},
  pages={125--134},
  year={2010},
  organization={IEEE}
}

@article{keeney1982decision,
  title={Decision analysis: an overview},
  author={Keeney, Ralph L},
  journal={Operations Research},
  volume={30},
  number={5},
  pages={803--838},
  year={1982},
  publisher={INFORMS}
}

@book{keeney1993decisions,
  title={Decisions with multiple objectives: preferences and value trade-offs},
  author={Keeney, Ralph L},
  year={1993},
  publisher={Cambridge University Press}
}

@book{howard1966decision,
  title={Decision analysis: Applied decision theory},
  author={Howard, Ronald A},
  year={1966},
  publisher={Stanford Research Institute}
}

@book{junger201050,
  title={50 Years of Integer Programming 1958--2008},
  author={J{\"u}nger, Michael and Liebling, Thomas and Naddef, Denis and Nemhauser, George and Pulleyblank, William and Reinelt, Gerhard and Rinaldi, Giovanni and Wolsey, Laurence},
  year={2010},
  publisher={Springer, Berlin}
}

@article{yannakakis1991expressing,
  title={Expressing combinatorial optimization problems by linear programs},
  author={Yannakakis, Mihalis},
  journal={Journal of Computer and System Sciences},
  volume={43},
  number={3},
  pages={441--466},
  year={1991},
  publisher={Elsevier}
}

@article{papadimitriou1991optimization,
  title={Optimization, approximation, and complexity classes},
  author={Papadimitriou, Christos H and Yannakakis, Mihalis},
  journal={Journal of computer and system sciences},
  volume={43},
  number={3},
  pages={425--440},
  year={1991},
  publisher={Elsevier}
}

@article{krentel1988complexity,
  title={The complexity of optimization problems},
  author={Krentel, Mark W},
  journal={Journal of computer and system sciences},
  volume={36},
  number={3},
  pages={490--509},
  year={1988},
  publisher={Elsevier}
}

@book{bradley1977applied,
  title={Applied mathematical programming},
  author={Bradley, Stephen and Hax, Arnoldo and Magnanti, Thomas},
  year={1977},
  publisher={Addison Wesley}
}

@book{boyd2004convex,
  title={Convex optimization},
  author={Boyd, Stephen Poythress and Vandenberghe, Lieven},
  year={2004},
  publisher={Cambridge university press}
}

@article{hunter1998managing,
  title={Managing inconsistent specifications: reasoning, analysis, and action},
  author={Hunter, Anthony and Nuseibeh, Bashar},
  journal={ACM Transactions on Software Engineering and Methodology (TOSEM)},
  volume={7},
  number={4},
  pages={335--367},
  year={1998},
  publisher={ACM}
}

@incollection{de2013software,
  title={Software engineering for self-adaptive systems: A second research roadmap},
  author={De Lemos, Rog{\'e}rio and Giese, Holger and M{\"u}ller, Hausi A and Shaw, Mary and Andersson, Jesper and Litoiu, Marin and Schmerl, Bradley and Tamura, Gabriel and Villegas, Norha M and Vogel, Thomas and others},
  booktitle={Software Engineering for Self-Adaptive Systems II},
  pages={1--32},
  year={2013},
  publisher={Springer}
}

@book{cheng2009software,
  title={Software engineering for self-adaptive systems: A research roadmap},
  author={Cheng, Betty HC and de Lemos, Rog{\'e}rio and Giese, Holger and Inverardi, Paola and Magee, Jeff and Andersson, Jesper and Becker, Basil and Bencomo, Nelly and Brun, Yuriy and Cukic, Bojan and others},
  year={2009},
  publisher={Springer}
}

@article{cooper1991new,
  title={New industrial financial services: what distinguishes the winners},
  author={Cooper, Robert G and de Brentani, Ulricke},
  journal={Journal of Product Innovation Management},
  volume={8},
  number={2},
  pages={75--90},
  year={1991},
  publisher={Elsevier}
}

@article{loch1996measuring,
  title={Measuring development performance in the electronics industry},
  author={Loch, Christoph and Stein, Lothar and Terwiesch, Christian},
  journal={Journal of Product Innovation Management},
  volume={13},
  number={1},
  pages={3--20},
  year={1996},
  publisher={Wiley Online Library}
}

@article{bitran1998structured,
  title={A structured product development perspective for service operations},
  author={Bitran, Gabriel and Pedrosa, Luis},
  journal={European Management Journal},
  volume={16},
  number={2},
  pages={169--189},
  year={1998},
  publisher={Elsevier}
}

@article{cooper1994distinguishes,
  title={What distinguishes the top performing new products in financial services},
  author={Cooper, Robert G and Easingwood, Christopher J and Edgett, Scott and Kleinschmidt, Elko J and Storey, Chris},
  journal={Journal of product innovation management},
  volume={11},
  number={4},
  pages={281--299},
  year={1994},
  publisher={Elsevier}
}

@article{sambamurthy2003shaping,
  title={Shaping agility through digital options: Reconceptualizing the role of information technology in contemporary firms},
  author={Sambamurthy, Vallabh and Bharadwaj, Anandhi and Grover, Varun},
  journal={MIS quarterly},
  pages={237--263},
  year={2003},
  publisher={JSTOR}
}

@article{henderson1993strategic,
  title={Strategic alignment: Leveraging information technology for transforming organizations},
  author={Henderson, John C and Venkatraman, Natarajan},
  journal={IBM systems journal},
  volume={32},
  number={1},
  pages={4--16},
  year={1993},
  publisher={IBM Corp.}
}

@book{davenport1993process,
  title={Process innovation: reengineering work through information technology},
  author={Davenport, Thomas H},
  year={1993},
  publisher={Harvard Business Press}
}

@article{brynjolfsson2000beyond,
  title={Beyond computation: Information technology, organizational transformation and business performance},
  author={Brynjolfsson, Erik and Hitt, Lorin M},
  journal={The Journal of Economic Perspectives},
  volume={14},
  number={4},
  pages={23--48},
  year={2000},
  publisher={JSTOR}
}

@article{licht1999innovation,
  title={Innovation and information technology in services},
  author={Licht, Georg and Moch, Dietmar},
  journal={The Canadian Journal of Economics/Revue canadienne d'Economique},
  volume={32},
  number={2},
  pages={363--383},
  year={1999},
  publisher={JSTOR}
}

@incollection{brun2009engineering,
  title={Engineering self-adaptive systems through feedback loops},
  author={Brun, Yuriy and Serugendo, Giovanna Di Marzo and Gacek, Cristina and Giese, Holger and Kienle, Holger and Litoiu, Marin and M{\"u}ller, Hausi and Pezz{\`e}, Mauro and Shaw, Mary},
  booktitle={Software Engineering for Self-Adaptive Systems},
  pages={48--70},
  year={2009},
  publisher={Springer}
}

@inproceedings{whittle2009relax,
  title={Relax: Incorporating uncertainty into the specification of self-adaptive systems},
  author={Whittle, Jon and Sawyer, Peter and Bencomo, Nelly and Cheng, Betty HC and Bruel, J-M},
  booktitle={Requirements Engineering Conference, 2009. RE'09. 17th IEEE International},
  pages={79--88},
  year={2009},
  organization={IEEE}
}

@book{cheng2009software,
  title={Software Engineering for Self-Adaptive Systems},
  author={Cheng, Betty HC and de Lemos, Rog{\'e}rio and Giese, Holger and Inverardi, Paola and Magee, Jeff and others},
  volume={5525},
  year={2009},
  publisher={Springer}
}

@inproceedings{cleland2005utilizing,
  title={Utilizing supporting evidence to improve dynamic requirements traceability},
  author={Cleland-Huang, Jane and Settimi, Raffaella and Duan, Chuan and Zou, Xuchang},
  booktitle={Requirements Engineering, 2005. Proceedings. 13th IEEE International Conference on},
  pages={135--144},
  year={2005},
  organization={IEEE}
}

@article{ramesh2001toward,
  title={Toward reference models for requirements traceability},
  author={Ramesh, Balasubramaniam and Jarke, Matthias},
  journal={Software Engineering, IEEE Transactions on},
  volume={27},
  number={1},
  pages={58--93},
  year={2001},
  publisher={IEEE}
}

@inproceedings{gotel1994analysis,
  title={An analysis of the requirements traceability problem},
  author={Gotel, Orlena CZ and Finkelstein, CW},
  booktitle={Requirements Engineering, 1994., Proceedings of the First International Conference on},
  pages={94--101},
  year={1994},
  organization={IEEE}
}

@article{ernst2013agile,
  title={Agile requirements engineering via paraconsistent reasoning},
  author={Ernst, Neil A and Borgida, Alexander and Jureta, Ivan J and Mylopoulos, John},
  journal={Information Systems},
  year={2013},
  publisher={Elsevier}
}

@incollection{giorgini2003reasoning,
  title={Reasoning with goal models},
  author={Giorgini, Paolo and Mylopoulos, John and Nicchiarelli, Eleonora and Sebastiani, Roberto},
  booktitle={Conceptual Modeling—ER 2002},
  pages={167--181},
  year={2003},
  publisher={Springer}
}

@inproceedings{krogstie1995towards,
  title={Towards a deeper understanding of quality in requirements engineering},
  author={Krogstie, John and Lindland, Odd Ivar and Sindre, Guttorm},
  booktitle={Advanced Information Systems Engineering},
  pages={82--95},
  year={1995},
  organization={Springer}
}

@inproceedings{liaskos2010integrating,
  title={Integrating preferences into goal models for requirements engineering},
  author={Liaskos, Sotirios and McIlraith, Sheila A and Sohrabi, Shirin and Mylopoulos, John},
  booktitle={Requirements Engineering Conference (RE), 2010 18th IEEE International},
  pages={135--144},
  year={2010},
  organization={IEEE}
}

@article{heitmeyer1996automated,
  title={Automated consistency checking of requirements specifications},
  author={Heitmeyer, Constance L and Jeffords, Ralph D and Labaw, Bruce G},
  journal={ACM Transactions on Software Engineering and Methodology (TOSEM)},
  volume={5},
  number={3},
  pages={231--261},
  year={1996},
  publisher={ACM}
}

@article{sindre2005eliciting,
  title={Eliciting security requirements with misuse cases},
  author={Sindre, Guttorm and Opdahl, Andreas L},
  journal={Requirements Engineering},
  volume={10},
  number={1},
  pages={34--44},
  year={2005},
  publisher={Springer}
}

@book{boehm2000software,
  title={Software Cost Estimation with Cocomo II},
  author={Boehm, Barry W and Madachy, Ray and Steece, Bert and others},
  year={2000},
  publisher={Prentice Hall PTR}
}

@article{boehm1984software,
  title={Software engineering economics},
  author={Boehm, Barry W},
  journal={Software Engineering, IEEE Transactions on},
  number={1},
  pages={4--21},
  year={1984},
  publisher={IEEE}
}

@inproceedings{jureta2009analysis,
  title={Analysis of multi-party agreement in requirements validation},
  author={Jureta, Ivan and Mylopoulos, John and Faulkner, St{\'e}phane},
  booktitle={Requirements Engineering Conference, 2009. RE'09. 17th IEEE International},
  pages={57--66},
  year={2009},
  organization={IEEE}
}

@article{leite1991requirements,
  title={Requirements validation through viewpoint resolution},
  author={Leite, Julio Cesar Sampaio do Prado and Freeman, Peter A},
  journal={Software Engineering, IEEE Transactions on},
  volume={17},
  number={12},
  pages={1253--1269},
  year={1991},
  publisher={IEEE}
}

@inproceedings{herrmann2008requirements,
  title={Requirements prioritization based on benefit and cost prediction: An agenda for future research},
  author={Herrmann, Andrea and Daneva, Maya},
  booktitle={International Requirements Engineering, 2008. RE'08. 16th IEEE},
  pages={125--134},
  year={2008},
  organization={IEEE}
}

@incollection{berander2005requirements,
  title={Requirements prioritization},
  author={Berander, Patrik and Andrews, Anneliese},
  booktitle={Engineering and managing software requirements},
  pages={69--94},
  year={2005},
  publisher={Springer}
}

@article{karlsson1998evaluation,
  title={An evaluation of methods for prioritizing software requirements},
  author={Karlsson, Joachim and Wohlin, Claes and Regnell, Bj{\"o}rn},
  journal={Information and Software Technology},
  volume={39},
  number={14},
  pages={939--947},
  year={1998},
  publisher={Elsevier}
}

@inproceedings{jureta2007clarifying,
  title={Clarifying goal models},
  author={Jureta, Ivan J and Faulkner, St{\'e}phane},
  booktitle={Tutorials, posters, panels and industrial contributions at the 26th international conference on Conceptual modeling-Volume 83},
  pages={139--144},
  year={2007},
  organization={Australian Computer Society, Inc.}
}

@inproceedings{davis2006effectiveness,
  title={Effectiveness of requirements elicitation techniques: Empirical results derived from a systematic review},
  author={Davis, Alan and Dieste, Oscar and Hickey, Ann and Juristo, Natalia and Moreno, Ana Mar{\'\i}a},
  booktitle={Requirements Engineering, 14th IEEE International Conference},
  pages={179--188},
  year={2006},
  organization={IEEE}
}

@article{hickey2004unified,
  title={A unified model of requirements elicitation},
  author={Hickey, Ann M and Davis, Alan M},
  journal={Journal of Management Information Systems},
  volume={20},
  number={4},
  pages={65--84},
  year={2004},
  publisher={ME Sharpe}
}

@inproceedings{goguen1993techniques,
  title={Techniques for requirements elicitation},
  author={Goguen, Joseph A and Linde, Charlotte},
  booktitle={Requirements Engineering, 1993., Proceedings of IEEE International Symposium on},
  pages={152--164},
  year={1993},
  organization={IEEE}
}

@article{sundbo1997management,
  title={Management of innovation in services},
  author={Sundbo, Jon},
  journal={Service Industries Journal},
  volume={17},
  number={3},
  pages={432--455},
  year={1997},
  publisher={Taylor \& Francis}
}

@article{roth2003insights,
  title={Insights into service operations management: a research agenda},
  author={Roth, Aleda V and Menor, Larry J},
  journal={Production and Operations management},
  volume={12},
  number={2},
  pages={145--164},
  year={2003},
  publisher={Wiley Online Library}
}

@article{den2010capabilities,
  title={Capabilities for managing service innovation: towards a conceptual framework},
  author={Den Hertog, Pim and Van der Aa, Wietze and de Jong, Mark W},
  journal={Journal of Service Management},
  volume={21},
  number={4},
  pages={490--514},
  year={2010},
  publisher={Emerald Group Publishing Limited}
}

@article{stuart2004toward,
  title={Toward an integrative approach to designing service experiences: lessons learned from the theatre},
  author={Stuart, F Ian and Tax, Stephen},
  journal={Journal of Operations Management},
  volume={22},
  number={6},
  pages={609--627},
  year={2004},
  publisher={Elsevier}
}

@article{froehle2007resource,
  title={A Resource-Process Framework of New Service Development},
  author={Froehle, Craig M and Roth, Aleda V},
  journal={Production and Operations Management},
  volume={16},
  number={2},
  pages={169--188},
  year={2007},
  publisher={Wiley Online Library}
}

@article{edgett1994development,
  title={The development of new financial services: identifying determinants of success and failure},
  author={Edgett, Scott and Parkinson, Steven},
  journal={International Journal of Service Industry Management},
  volume={5},
  number={4},
  pages={24--38},
  year={1994},
  publisher={MCB UP Ltd}
}

@article{martin1993services,
  title={Services innovation: successful versus unsuccessful firms},
  author={Martin Jr, Claude R and Horne, David A},
  journal={International Journal of Service Industry Management},
  volume={4},
  number={1},
  pages={49--65},
  year={1993},
  publisher={MCB UP Ltd}
}

@article{de1989success,
  title={Success and failure in new industrial services},
  author={De Brentani, Ulrike},
  journal={Journal of Product Innovation Management},
  volume={6},
  number={4},
  pages={239--258},
  year={1989},
  publisher={Elsevier}
}

@article{de1995new,
  title={New industrial service development: scenarios for success and failure},
  author={De Brentani, Ulrike},
  journal={Journal of Business Research},
  volume={32},
  number={2},
  pages={93--103},
  year={1995},
  publisher={Elsevier}
}

@article{behara2000process,
  title={Process innovation in knowledge-intensive services},
  author={Behara, Ravi S},
  journal={New Service Design. Sage, Thousand Oaks, CA},
  pages={138--151},
  year={2000}
}

@article{boone2000exploring,
  title={Exploring the link between product and process innovation in services},
  author={Boone, Tonya},
  journal={New Service Development: Creating Memorable Experiences},
  pages={92--107},
  year={2000},
  publisher={Sage}
}

@article{lovelock1984developing,
  title={Developing and implementing new services},
  author={Lovelock, Christopher H},
  journal={Developing new services},
  pages={44--64},
  year={1984},
  publisher={American Marketing Association Chicago}
}

@book{sundbo1998organisation,
  title={The organisation of innovation in services},
  author={Sundbo, Jon},
  year={1998},
  publisher={Roskilde University Press}
}

@article{bowers1989developing,
  title={Developing new services: improving the process makes it better},
  author={Bowers, Michael R},
  journal={Journal of Services marketing},
  volume={3},
  number={1},
  pages={15--20},
  year={1989},
  publisher={MCB UP Ltd}
}

@article{scheuing1989proposed,
  title={A proposed model for new service development},
  author={Scheuing, Eberhard E and Johnson, Eugene M},
  journal={Journal of Services marketing},
  volume={3},
  number={2},
  pages={25--34},
  year={1989},
  publisher={MCB UP Ltd}
}

@book{donnelly1985marketing,
  title={Marketing financial services: A strategic vision},
  author={Donnelly, James H and Berry, Leonard L and Thompson, Thomas W},
  year={1985},
  publisher={Dow Jones-Irwin Homewood, Illinois}
}

@article{johne1998new,
  title={New service development: a review of the literature and annotated bibliography},
  author={Johne, Axel and Storey, Chris},
  journal={European journal of Marketing},
  volume={32},
  number={3/4},
  pages={184--251},
  year={1998},
  publisher={MCB UP Ltd}
}

@article{edvardsson2000new,
  title={New service development and innovation in the new economy},
  author={Edvardsson, Bo and Gustafsson, Anders and Sand{\'e}n, Bodil and Johnson, MD},
  year={2000},
  publisher={Studenlitteratur}
}

@article{edvardsson1996key,
  title={Key concepts for new service development},
  author={Edvardsson, Bo and Olsson, Jan},
  journal={Service Industries Journal},
  volume={16},
  number={2},
  pages={140--164},
  year={1996},
  publisher={Taylor \& Francis}
}

@book{zeithaml1990delivering,
title={Delivering Quality Service: Balancing Customer Perceptions and Expectations},
author={Zeithaml, Valarie A and Berry, Leonard L and Parasuraman, Ananthanarayanan},
year={1990},
publisher={Free Press, New York}
}

@article{johnson2000critical,
  title={A critical evaluation of the new service development process},
  author={Johnson, Susan Paul and Menor, Larry J and Roth, Aleda V and Chase, Richard B},
  journal={New Service Development--Creating Memorable Experience},
  pages={1--32},
  year={2000},
  publisher={Sage Publications}
}

@article{goldstein2002service,
  title={The service concept: the missing link in service design research?},
  author={Goldstein, Susan Meyer and Johnston, Robert and Duffy, JoAnn and Rao, Jay},
  journal={Journal of Operations management},
  volume={20},
  number={2},
  pages={121--134},
  year={2002},
  publisher={Elsevier}
}

@inproceedings{boehm1976quantitative,
  title={Quantitative evaluation of software quality},
  author={Boehm, Barry W and Brown, John R and Lipow, Myron},
  booktitle={Proceedings of the 2nd international conference on Software engineering},
  pages={592--605},
  year={1976},
  organization={IEEE Computer Society Press}
}

@article{parasuraman1985conceptual,
  title={A conceptual model of service quality and its implications for future research},
  author={Parasuraman, Anantharanthan and Zeithaml, Valarie A and Berry, Leonard L},
  journal={The Journal of Marketing},
  pages={41--50},
  year={1985},
  publisher={JSTOR}
}

@article{pitt1995service,
  title={Service quality: a measure of information systems effectiveness},
  author={Pitt, Leyland F and Watson, Richard T and Kavan, C Bruce},
  journal={MIS quarterly},
  pages={173--187},
  year={1995},
  publisher={JSTOR}
}

@article{zeithaml1996behavioral,
  title={The behavioral consequences of service quality},
  author={Zeithaml, Valarie A and Berry, Leonard L and Parasuraman, Ananthanarayanan},
  journal={The Journal of Marketing},
  pages={31--46},
  year={1996},
  publisher={JSTOR}
}

@article{kettinger2005zones,
  title={Zones of tolerance: alternative scales for measuring information systems service quality},
  author={Kettinger, William J and Lee, Choong C},
  journal={MIS Quarterly},
  volume={29},
  number={4},
  pages={607--623},
  year={2005},
  publisher={Society for Information Management and The Management Information Systems Research Center}
}

@inproceedings{van2001goal,
  title={Goal-oriented requirements engineering: A guided tour},
  author={Van Lamsweerde, Axel},
  booktitle={Requirements Engineering, 2001. Proceedings. Fifth IEEE International Symposium on},
  pages={249--262},
  year={2001},
  organization={IEEE}
}

@book{brennan2009guide,
  title={A guide to the Business Analysis Body of Knowledge (BABOK guide), version 2.0},
  author={Brennan, Kevin and others},
  year={2009},
  publisher={Iiba}
}

@article{boehm1988spiral,
  title={A spiral model of software development and enhancement},
  author={Boehm, Barry W.},
  journal={Computer},
  volume={21},
  number={5},
  pages={61--72},
  year={1988},
  publisher={IEEE}
}

@inproceedings{boehm1995software,
  title={Software requirements negotiation and renegotiation aids: A theory-W based spiral approach},
  author={Boehm, Barry and Bose, Prasanta and Horowitz, Ellis and Lee, Ming June},
  booktitle={Software Engineering, 1995. ICSE 1995. 17th International Conference on},
  pages={243--243},
  year={1995},
  organization={IEEE}
}

@article{dardenne1993goal,
  title={Goal-directed requirements acquisition},
  author={Dardenne, Anne and Van Lamsweerde, Axel and Fickas, Stephen},
  journal={Science of computer programming},
  volume={20},
  number={1},
  pages={3--50},
  year={1993},
  publisher={Elsevier}
}

@inproceedings{van1995goal,
  title={Goal-directed elaboration of requirements for a meeting scheduler: problems and lessons learnt},
  author={Van Lamsweerde, Axel and Darimont, Robert and Massonet, Philippe},
  booktitle={Requirements Engineering, 1995., Proceedings of the Second IEEE International Symposium on},
  pages={194--203},
  year={1995},
  organization={IEEE}
}

@article{darimont1996formal,
  title={Formal refinement patterns for goal-driven requirements elaboration},
  author={Darimont, Robert and Van Lamsweerde, Axel},
  journal={ACM SIGSOFT Software Engineering Notes},
  volume={21},
  number={6},
  pages={179--190},
  year={1996},
  publisher={ACM}
}

@article{van1998managing,
  title={Managing conflicts in goal-driven requirements engineering},
  author={Van Lamsweerde, Axel and Darimont, Robert and Letier, Emmanuel},
  journal={Software Engineering, IEEE Transactions on},
  volume={24},
  number={11},
  pages={908--926},
  year={1998},
  publisher={IEEE}
}

@article{van2000handling,
  title={Handling obstacles in goal-oriented requirements engineering},
  author={van Lamsweerde, Axel and Letier, Emmanuel},
  journal={Software Engineering, IEEE Transactions on},
  volume={26},
  number={10},
  pages={978--1005},
  year={2000},
  publisher={IEEE}
}

@inproceedings{letier2004reasoning,
  title={Reasoning about partial goal satisfaction for requirements and design engineering},
  author={Letier, Emmanuel and Van Lamsweerde, Axel},
  booktitle={ACM SIGSOFT Software Engineering Notes},
  volume={29},
  number={6},
  pages={53--62},
  year={2004},
  organization={ACM}
}

@article{mylopoulos1992representing,
  title={Representing and using nonfunctional requirements: A process-oriented approach},
  author={Mylopoulos, John and Chung, Lawrence and Nixon, Brian},
  journal={Software Engineering, IEEE Transactions on},
  volume={18},
  number={6},
  pages={483--497},
  year={1992},
  publisher={IEEE}
}

@inproceedings{greenspan1994formal,
  title={On formal requirements modeling languages: RML revisited},
  author={Greenspan, Sol and Mylopoulos, John and Borgida, Alex},
  booktitle={Proceedings of the 16th international conference on Software engineering},
  pages={135--147},
  year={1994},
  organization={IEEE Computer Society Press}
}

@article{castro2002towards,
  title={Towards requirements-driven information systems engineering: the Tropos project},
  author={Castro, Jaelson and Kolp, Manuel and Mylopoulos, John},
  journal={Information systems},
  volume={27},
  number={6},
  pages={365--389},
  year={2002},
  publisher={Elsevier}
}

@article{robinson2003requirements,
  title={Requirements interaction management},
  author={Robinson, William N and Pawlowski, Suzanne D and Volkov, Vecheslav},
  journal={ACM Computing Surveys (CSUR)},
  volume={35},
  number={2},
  pages={132--190},
  year={2003},
  publisher={ACM}
}

@article{nuseibeh1994framework,
  title={A framework for expressing the relationships between multiple views in requirements specification},
  author={Nuseibeh, Bashar and Kramer, Jeff and Finkelstein, Anthony},
  journal={Software Engineering, IEEE Transactions on},
  volume={20},
  number={10},
  pages={760--773},
  year={1994},
  publisher={IEEE}
}

@article{finkelstein1994inconsistency,
  title={Inconsistency handling in multiperspective specifications},
  author={Finkelstein, Anthony CW and Gabbay, Dov and Hunter, Anthony and Kramer, Jeff and Nuseibeh, Bashar},
  journal={Software Engineering, IEEE Transactions on},
  volume={20},
  number={8},
  pages={569--578},
  year={1994},
  publisher={IEEE}
}

@article{zave1997four,
  title={Four dark corners of requirements engineering},
  author={Zave, Pamela and Jackson, Michael},
  journal={ACM Transactions on Software Engineering and Methodology (TOSEM)},
  volume={6},
  number={1},
  pages={1--30},
  year={1997},
  publisher={ACM}
}

@inproceedings{jureta2008revisiting,
  title={Revisiting the core ontology and problem in requirements engineering},
  author={Jureta, Ivan J and Mylopoulos, John and Faulkner, Stephane},
  booktitle={International Requirements Engineering, 2008. RE'08. 16th IEEE},
  pages={71--80},
  year={2008},
  organization={IEEE}
}

@inproceedings{yu1997towards,
  title={Towards modelling and reasoning support for early-phase requirements engineering},
  author={Yu, Eric SK},
  booktitle={Requirements Engineering, 1997., Proceedings of the Third IEEE International Symposium on},
  pages={226--235},
  year={1997},
  organization={IEEE}
}

@incollection{giorgini2003reasoning,
  title={Reasoning with goal models},
  author={Giorgini, Paolo and Mylopoulos, John and Nicchiarelli, Eleonora and Sebastiani, Roberto},
  booktitle={Conceptual Modeling—ER 2002},
  pages={167--181},
  year={2003},
  publisher={Springer}
}

@article{fuxman2004specifying,
  title={Specifying and analyzing early requirements in Tropos},
  author={Fuxman, Ariel and Liu, Lin and Mylopoulos, John and Pistore, Marco and Roveri, Marco and Traverso, Paolo},
  journal={Requirements Engineering},
  volume={9},
  number={2},
  pages={132--150},
  year={2004},
  publisher={Springer}
}

@inproceedings{jureta2010techne,
  title={Techne: Towards a new generation of requirements modeling languages with goals, preferences, and inconsistency handling},
  author={Jureta, Ivan J and Borgida, Alexander and Ernst, Neil A and Mylopoulos, John},
  booktitle={Requirements Engineering Conference (RE), 2010 18th IEEE International},
  pages={115--124},
  year={2010},
  organization={IEEE}
}

@article{kitchenham1996software,
  title={Software quality: the elusive target [special issues section]},
  author={Kitchenham, Barbara and Pfleeger, Shari Lawrence},
  journal={Software, IEEE},
  volume={13},
  number={1},
  pages={12--21},
  year={1996},
  publisher={IEEE}
}

@article{cysneiros2004nonfunctional,
  title={Nonfunctional requirements: From elicitation to conceptual models},
  author={Cysneiros, Luiz Marcio and do Prado Leite, Julio Cesar Sampaio},
  journal={Software Engineering, IEEE Transactions on},
  volume={30},
  number={5},
  pages={328--350},
  year={2004},
  publisher={IEEE}
}

@incollection{chung2009non,
  title={On non-functional requirements in software engineering},
  author={Chung, Lawrence and do Prado Leite, Julio Cesar Sampaio},
  booktitle={Conceptual modeling: Foundations and applications},
  pages={363--379},
  year={2009},
  publisher={Springer}
}
